<?xml version="1.0" encoding="utf-8"?>
<record xmlns="http://www.loc.gov/MARC21/slim" xmlns:xsi="http://www.w3.org/2001/XMLSchema-instance" xsi:schemaLocation="http://www.loc.gov/MARC21/slim http://www.loc.gov/standards/marcxml/schema/MARC21slim.xsd">
	<leader>     nam a22        4500</leader>
	<controlfield tag="001">2950259</controlfield>
	<controlfield tag="003">NIC</controlfield>
	<controlfield tag="006">m        d        </controlfield>
	<controlfield tag="007">cr cn |||m|||a</controlfield>
	<controlfield tag="008">150505q19001997ua      o     000 0 ara d</controlfield>
	<datafield ind1=" " ind2=" " tag="040">
		<subfield code="a">NNU</subfield>
		<subfield code="b">eng</subfield>
		<subfield code="c">NNU</subfield>
	</datafield>
	<datafield ind1=" " ind2="4" tag="050">
		<subfield code="a">PJ6161</subfield>
	</datafield>
	<datafield ind1="1" ind2=" " tag="100">
		<subfield code="6">880-01</subfield>
		<subfield code="a">Minyāwī, Makhlūf ibn Muḥammad,</subfield>
		<subfield code="d">-1878.</subfield>
	</datafield>
	<datafield ind1="1" ind2="0" tag="245">
		<subfield code="6">880-02</subfield>
		<subfield code="a">Ḥāshiyat al-fāḍil al-shahīr ... Makhlūf al-Minyāwī ʻalá Sharḥ ... Aḥmad al-Damanhūrī li-matn al-Imām al-Akhḍarī al-musammá bi-al-Jawhar al-maknūn fī al-maʻānī wa-al-bayān wa-al-badīʻ</subfield>
		<subfield code="h">[electronic resource] /</subfield>
		<subfield code="c">Makhlūf al-Minyāwī. Wa-bi-aʻlá al-ṣaḥīfah Sharḥ al-jawhar al-maknūn ... / Aḥmad al-Damanhūrī.</subfield>
	</datafield>
	<datafield ind1="1" ind2="3" tag="246">
		<subfield code="6">880-03</subfield>
		<subfield code="a">Sharḥ al-jawhar al-maknūn</subfield>
	</datafield>
	<datafield ind1=" " ind2=" " tag="260">
		<subfield code="6">880-04</subfield>
		<subfield code="a">Miṣr :</subfield>
		<subfield code="b">Dār Iḥyāʼ al-kutub al-ʻArabīyah,</subfield>
		<subfield code="c">[19--?]</subfield>
	</datafield>
	<datafield ind1=" " ind2=" " tag="300">
		<subfield code="a">online resource (180 p.)</subfield>
	</datafield>
	<datafield ind1=" " ind2=" " tag="500">
		<subfield code="a">Part of the Arabic Collections Online (ACO) project, contributed by Cornell University Libraries.</subfield>
	</datafield>
	<datafield ind1=" " ind2=" " tag="533">
		<subfield code="a">Electronic reproduction.</subfield>
		<subfield code="b">New York, N.Y. :</subfield>
		<subfield code="c">New York University,</subfield>
		<subfield code="d">2015.</subfield>
		<subfield code="5">NNU</subfield>
	</datafield>
	<datafield ind1="1" ind2="0" tag="600">
		<subfield code="6">880-05</subfield>
		<subfield code="a">Akhḍarī, ʻAbd al-Raḥmān ibn Muḥammad,</subfield>
		<subfield code="d">1512 or 1513-1575 or 1576.</subfield>
		<subfield code="t">Jawhar al-maknūn.</subfield>
	</datafield>
	<datafield ind1="1" ind2="0" tag="600">
		<subfield code="6">880-06</subfield>
		<subfield code="a">Damanhūrī, Aḥmad ibn ʻAbd al-Munʻim.</subfield>
		<subfield code="t">Ḥilyat al-lubb al-maṣūn.</subfield>
	</datafield>
	<datafield ind1=" " ind2="0" tag="650">
		<subfield code="a">Arabic language</subfield>
		<subfield code="x">Rhetoric.</subfield>
	</datafield>
	<datafield ind1="1" ind2="2" tag="700">
		<subfield code="6">880-07</subfield>
		<subfield code="a">Damanhūrī, Aḥmad ibn ʻAbd al-Munʻim.</subfield>
		<subfield code="t">Ḥilyat al-lubb al-maṣūn.</subfield>
		<subfield code="f">1900.</subfield>
	</datafield>
	<datafield ind1="2" ind2=" " tag="710">
		<subfield code="a">Cornell University.</subfield>
		<subfield code="b">Libraries.</subfield>
	</datafield>
	<datafield ind1="0" ind2=" " tag="730">
		<subfield code="a">Arabic Collections Online.</subfield>
	</datafield>
	<datafield ind1="0" ind2="8" tag="776">
		<subfield code="i">Print version:</subfield>
		<subfield code="a">Minyāwī, Makhlūf ibn Muḥammad, -1878.</subfield>
		<subfield code="t">Ḥāshiyat al-fāḍil al-shahīr ... Makhlūf al-Minyāwī ʻalá Sharḥ ... Aḥmad al-Damanhūrī li-matn al-Imām al-Akhḍarī al-musammá bi-al-Jawhar al-maknūn fī al-maʻānī wa-al-bayān wa-al-badīʻ</subfield>
		<subfield code="w">(NIC)2950259</subfield>
		<subfield code="w">(OCoLC)64739665</subfield>
	</datafield>
	<datafield ind1="4" ind2="0" tag="856">
		<subfield code="u">http://hdl.handle.net/2333.1/2fqz637b</subfield>
	</datafield>
	<datafield ind1="1" ind2=" " tag="880">
		<subfield code="6">100-01/r</subfield>
		<subfield code="a">منياوي، مخلوف بن محمد،</subfield>
		<subfield code="d">-1878.</subfield>
	</datafield>
	<datafield ind1="1" ind2="0" tag="880">
		<subfield code="6">245-02/r</subfield>
		<subfield code="a">حاشية الفاضل الشهير ... مخلوف المنياوي على شرح ... احمد الدمنهوري لمتن الامام الاخضري المسمى بالجوهر المكنون في المعاني والبيان والبديع /</subfield>
		<subfield code="c">مخلوف المنياوي. وباعلى الصحيفة شرح الجوهر المكنون ... / احمد الدمنهوري.</subfield>
	</datafield>
	<datafield ind1="1" ind2="3" tag="880">
		<subfield code="6">246-03/r</subfield>
		<subfield code="a">شرح الجوهر المكنون</subfield>
	</datafield>
	<datafield ind1=" " ind2=" " tag="880">
		<subfield code="6">260-04/r</subfield>
		<subfield code="a">مصر :</subfield>
		<subfield code="b">دار احياء الكتب العربية،</subfield>
		<subfield code="c">[19--?]</subfield>
	</datafield>
	<datafield ind1="1" ind2="4" tag="880">
		<subfield code="6">600-05/r</subfield>
		<subfield code="a">اخضري، عبد الرحمن بن محمد،</subfield>
		<subfield code="d">1512 or 1513-1575 or 1576.</subfield>
		<subfield code="t">جوهر المكنون.</subfield>
	</datafield>
	<datafield ind1="1" ind2="4" tag="880">
		<subfield code="6">600-06/r</subfield>
		<subfield code="a">دمنهوري، احمد بن عبد المنعم.</subfield>
		<subfield code="t">حلية اللب المصون.</subfield>
	</datafield>
	<datafield ind1="1" ind2="2" tag="880">
		<subfield code="6">700-07/r</subfield>
		<subfield code="a">دمنهوري، احمد بن عبد المنعم.</subfield>
		<subfield code="t">حلية اللب المصون.</subfield>
		<subfield code="f">1900.</subfield>
	</datafield>
	<datafield ind1=" " ind2=" " tag="959">
		<subfield code="a">NNU</subfield>
		<subfield code="b">WEB</subfield>
		<subfield code="c">GENI</subfield>
		<subfield code="t">0</subfield>
		<subfield code="m">Electronic access</subfield>
		<subfield code="s">01</subfield>
	</datafield>
	<datafield ind1=" " ind2=" " tag="999">
		<subfield code="i">NIC_2950259</subfield>
		<subfield code="o">(OCoLC)ocm64739665</subfield>
		<subfield code="e">ok</subfield>
		<subfield code="s">cornell_aco000131</subfield>
	</datafield>
</record>
